@PHDTHESIS{Liu2014,
url = "http://www.theses.fr/2014GRENA023",
title = "Conception d'un dispositif de récupération d'énergie vibratoire large bande",
author = "Liu, Weiqun",
year = "2014",
note = "Thèse de doctorat dirigée par Formosa, FabienAgbossou, Amen et Badel, Adrien Sciences pour l'ingénieur Grenoble 2014",
note = "2014GRENA023",
url = "http://www.theses.fr/2014GRENA023/document",
}


@article{saint2022power,
  title={Power expectation as a unified metric for the evaluation of vibration energy harvesters},
  author={Saint-Martin, Camille and Morel, Adrien and Charleux, Ludovic and Roux, E and Benhemou, Aya and Badel, Adrien},
  journal={Mechanical Systems and Signal Processing},
  volume={181},
  pages={109482},
  year={2022},
  publisher={Elsevier}
}


@phdthesis{huguet2018phd,
  title={Vers une meilleure exploitation des dispositifs de r{\'e}cup{\'e}ration d’{\'e}nergie vibratoire bistables: Analyse et utilisation de comportements originaux pour am{\'e}liorer la bande passante},
  author={Huguet, Thomas},
  year={2018},
  school={Universit{\'e} de Lyon}
}

@article{kovsata2022harmonicbalance,
  title={HarmonicBalance. jl: A Julia suite for nonlinear dynamics using harmonic balance},
  author={Ko{\v{s}}ata, Jan and del Pino, Javier and Heugel, Toni Louis and Zilberberg, Oded},
  journal={SciPost Physics Codebases},
  pages={006},
  year={2022}
}

@phdthesis{lcharleuxHDR,
author={Charleux, Ludovic},
title={Modélisation et simulation de systèmes mécaniques pour la mécatronique},
school={Université Savoie Mont Blanc},
type = {Habilitation \`a diriger des recherches Mécanique},
month={Juin},
year={2023}
}

@misc{csaintmartin2023preprint,
	Title = {Optimized and Robust Orbit Jump for Nonlinear Vibration Energy Harvesting},
	Author = {Saint-Martin, Camille and Morel, Adrien and Charleux, Ludovic and Roux, Emile and Gibus, David and Benhemou, Aya and Badel, Adrien},
	DOI = {10.21203/rs.3.rs-2799325/v1},
	publisher = {Research Square},
	Year = {2023},
	URL = {https://doi.org/10.21203/rs.3.rs-2799325/v1},
}

@article{Datseris2018,
  doi = {10.21105/joss.00598},
  url = {https://doi.org/10.21105/joss.00598},
  year  = {2018},
  month = {mar},
  volume = {3},
  number = {23},
  pages = {598},
  author = {George Datseris},
  title = {DynamicalSystems.jl: A Julia software library for chaos and nonlinear dynamics},
  journal = {Journal of Open Source Software}
}


@book{DatserisParlitz2022,
  doi = {10.1007/978-3-030-91032-7},
  url = {https://doi.org/10.1007/978-3-030-91032-7},
  year = {2022},
  publisher = {Springer Nature},
  author = {George Datseris and Ulrich Parlitz},
  title     = "Nonlinear dynamics: A concise introduction interlaced with code",
  address   = "Cham, Switzerland",
  language  = "en",
}